<?xml version="1.0" encoding="UTF-8"?><record xmlns="http://www.loc.gov/MARC21/slim" xmlns:cinclude="http://apache.org/cocoon/include/1.0" xmlns:zs="http://www.loc.gov/zing/srw/">
  <leader>00454cz  a2200145n  4500</leader>
  <controlfield tag="001">n  79061667 </controlfield>
  <controlfield tag="003">DLC</controlfield>
  <controlfield tag="005">19910327144741.5</controlfield>
  <controlfield tag="008">790615n| acannaab|          |a aaa |||  </controlfield>
  <datafield tag="010" ind1=" " ind2=" ">
    <subfield code="a">n  79061667 </subfield>
  </datafield>
  <datafield tag="040" ind1=" " ind2=" ">
    <subfield code="a">DLC</subfield>
    <subfield code="c">DLC</subfield>
    <subfield code="d">DLC</subfield>
  </datafield>
  <datafield tag="100" ind1="1" ind2="0">
    <subfield code="a">Lampert, Nicholas</subfield>
  </datafield>
  <datafield tag="400" ind1="1" ind2="0">
    <subfield code="a">Lampert, Nick</subfield>
  </datafield>
  <datafield tag="670" ind1=" " ind2=" ">
    <subfield code="a">His The technical intelligentsia and the Soviet State, 1979:</subfield>
    <subfield code="b">t.p. (Nicholas Lampert)</subfield>
  </datafield>
  <datafield tag="670" ind1=" " ind2=" ">
    <subfield code="a">Stalinism, c1991:</subfield>
    <subfield code="b">CIP t.p. (Nick Lampert) data sheet (b. 1945)</subfield>
  </datafield>
</record>